@article{niu2011hogwild,
  title={Hogwild!: A lock-free approach to parallelizing stochastic gradient descent},
  author={Niu, Feng and Recht, Benjamin and R{\'e}, Christopher and Wright, Stephen J},
  journal={arXiv preprint arXiv:1106.5730},
  year={2011}
}

@article{bradley2011parallel,
  title={Parallel coordinate descent for l1-regularized loss minimization},
  author={Bradley, Joseph K and Kyrola, Aapo and Bickson, Danny and Guestrin, Carlos},
  journal={arXiv preprint arXiv:1105.5379},
  year={2011}
}

@article{zhang2012comunication,
  title={Comunication-Efficient Algorithms for Statistical Optimization},
  author={Zhang, Yuchen and Duchi, John C and Wainwright, Martin},
  journal={arXiv preprint arXiv:1209.4129},
  year={2012}
}